%YAML 1.1
%TAG !u! tag:unity3d.com,2011:
--- !u!1001 &100100000
Prefab:
  m_ObjectHideFlags: 1
  serializedVersion: 2
  m_Modification:
    m_TransformParent: {fileID: 0}
    m_Modifications: []
    m_RemovedComponents: []
  m_ParentPrefab: {fileID: 0}
  m_RootGameObject: {fileID: 1442457009245104}
  m_IsPrefabParent: 1
--- !u!1 &1442457009245104
GameObject:
  m_ObjectHideFlags: 0
  m_PrefabParentObject: {fileID: 0}
  m_PrefabInternal: {fileID: 100100000}
  serializedVersion: 5
  m_Component:
  - component: {fileID: 4603857591527666}
  - component: {fileID: 212492587030815028}
  - component: {fileID: 114772231555727718}
  - component: {fileID: 114563000095417068}
  m_Layer: 0
  m_Name: Gem Pink
  m_TagString: Collectible
  m_Icon: {fileID: 0}
  m_NavMeshLayer: 0
  m_StaticEditorFlags: 0
  m_IsActive: 1
--- !u!4 &4603857591527666
Transform:
  m_ObjectHideFlags: 1
  m_PrefabParentObject: {fileID: 0}
  m_PrefabInternal: {fileID: 100100000}
  m_GameObject: {fileID: 1442457009245104}
  m_LocalRotation: {x: 0, y: 0, z: 0, w: 1}
  m_LocalPosition: {x: 49.82846, y: 9.99194, z: 0}
  m_LocalScale: {x: 1, y: 1, z: 1}
  m_Children: []
  m_Father: {fileID: 0}
  m_RootOrder: 0
  m_LocalEulerAnglesHint: {x: 0, y: 0, z: 0}
--- !u!114 &114563000095417068
MonoBehaviour:
  m_ObjectHideFlags: 1
  m_PrefabParentObject: {fileID: 0}
  m_PrefabInternal: {fileID: 100100000}
  m_GameObject: {fileID: 1442457009245104}
  m_Enabled: 1
  m_EditorHideFlags: 0
  m_Script: {fileID: 11500000, guid: 3f17984264541c74890e033712b81ade, type: 3}
  m_Name: 
  m_EditorClassIdentifier: 
  animations:
  - name: Idle
    frameMS: 100
    sprites:
    - {fileID: 21300000, guid: d4f101f4688b9b14ea98d5ce1f6e56de, type: 3}
    - {fileID: 21300002, guid: d4f101f4688b9b14ea98d5ce1f6e56de, type: 3}
    - {fileID: 21300004, guid: d4f101f4688b9b14ea98d5ce1f6e56de, type: 3}
    - {fileID: 21300006, guid: d4f101f4688b9b14ea98d5ce1f6e56de, type: 3}
    - {fileID: 21300008, guid: d4f101f4688b9b14ea98d5ce1f6e56de, type: 3}
    - {fileID: 21300010, guid: d4f101f4688b9b14ea98d5ce1f6e56de, type: 3}
    - {fileID: 21300012, guid: d4f101f4688b9b14ea98d5ce1f6e56de, type: 3}
    - {fileID: 21300014, guid: d4f101f4688b9b14ea98d5ce1f6e56de, type: 3}
--- !u!114 &114772231555727718
MonoBehaviour:
  m_ObjectHideFlags: 1
  m_PrefabParentObject: {fileID: 0}
  m_PrefabInternal: {fileID: 100100000}
  m_GameObject: {fileID: 1442457009245104}
  m_Enabled: 1
  m_EditorHideFlags: 0
  m_Script: {fileID: 11500000, guid: 80f80051297d74ba99b7539ccc127563, type: 3}
  m_Name: 
  m_EditorClassIdentifier: 
  height: 1
  speed: 4
  jumpPower: 6
  layer: 0
  hitBoxSize: {x: 0.5, y: 0.5}
  deathSound: {fileID: 8300000, guid: 8383a6cde147f4d1bba36a52de8393cb, type: 3}
  minLevel: 1
  maxLevel: -1
  health: 1
  pointValue: 100
--- !u!212 &212492587030815028
SpriteRenderer:
  m_ObjectHideFlags: 1
  m_PrefabParentObject: {fileID: 0}
  m_PrefabInternal: {fileID: 100100000}
  m_GameObject: {fileID: 1442457009245104}
  m_Enabled: 1
  m_CastShadows: 0
  m_ReceiveShadows: 0
  m_MotionVectors: 1
  m_LightProbeUsage: 1
  m_ReflectionProbeUsage: 1
  m_Materials:
  - {fileID: 10754, guid: 0000000000000000f000000000000000, type: 0}
  m_StaticBatchInfo:
    firstSubMesh: 0
    subMeshCount: 0
  m_StaticBatchRoot: {fileID: 0}
  m_ProbeAnchor: {fileID: 0}
  m_LightProbeVolumeOverride: {fileID: 0}
  m_ScaleInLightmap: 1
  m_PreserveUVs: 0
  m_IgnoreNormalsForChartDetection: 0
  m_ImportantGI: 0
  m_SelectedEditorRenderState: 0
  m_MinimumChartSize: 4
  m_AutoUVMaxDistance: 0.5
  m_AutoUVMaxAngle: 89
  m_LightmapParameters: {fileID: 0}
  m_SortingLayerID: 0
  m_SortingLayer: 0
  m_SortingOrder: 5
  m_Sprite: {fileID: 21300000, guid: d4f101f4688b9b14ea98d5ce1f6e56de, type: 3}
  m_Color: {r: 1, g: 1, b: 1, a: 1}
  m_FlipX: 0
  m_FlipY: 0
  m_DrawMode: 0
  m_Size: {x: 1, y: 1}
  m_AdaptiveModeThreshold: 0.5
  m_SpriteTileMode: 0
  m_WasSpriteAssigned: 1
  m_MaskInteraction: 0
