%YAML 1.1
%TAG !u! tag:unity3d.com,2011:
--- !u!29 &1
OcclusionCullingSettings:
  m_ObjectHideFlags: 0
  serializedVersion: 2
  m_OcclusionBakeSettings:
    smallestOccluder: 5
    smallestHole: 0.25
    backfaceThreshold: 100
  m_SceneGUID: 00000000000000000000000000000000
  m_OcclusionCullingData: {fileID: 0}
--- !u!104 &2
RenderSettings:
  m_ObjectHideFlags: 0
  serializedVersion: 8
  m_Fog: 0
  m_FogColor: {r: 0.5, g: 0.5, b: 0.5, a: 1}
  m_FogMode: 3
  m_FogDensity: 0.01
  m_LinearFogStart: 0
  m_LinearFogEnd: 300
  m_AmbientSkyColor: {r: 0.212, g: 0.227, b: 0.259, a: 1}
  m_AmbientEquatorColor: {r: 0.114, g: 0.125, b: 0.133, a: 1}
  m_AmbientGroundColor: {r: 0.047, g: 0.043, b: 0.035, a: 1}
  m_AmbientIntensity: 1
  m_AmbientMode: 0
  m_SubtractiveShadowColor: {r: 0.42, g: 0.478, b: 0.627, a: 1}
  m_SkyboxMaterial: {fileID: 10304, guid: 0000000000000000f000000000000000, type: 0}
  m_HaloStrength: 0.5
  m_FlareStrength: 1
  m_FlareFadeSpeed: 3
  m_HaloTexture: {fileID: 0}
  m_SpotCookie: {fileID: 10001, guid: 0000000000000000e000000000000000, type: 0}
  m_DefaultReflectionMode: 0
  m_DefaultReflectionResolution: 128
  m_ReflectionBounces: 1
  m_ReflectionIntensity: 1
  m_CustomReflection: {fileID: 0}
  m_Sun: {fileID: 0}
  m_IndirectSpecularColor: {r: 0, g: 0, b: 0, a: 1}
--- !u!157 &3
LightmapSettings:
  m_ObjectHideFlags: 0
  serializedVersion: 11
  m_GIWorkflowMode: 1
  m_GISettings:
    serializedVersion: 2
    m_BounceScale: 1
    m_IndirectOutputScale: 1
    m_AlbedoBoost: 1
    m_TemporalCoherenceThreshold: 1
    m_EnvironmentLightingMode: 0
    m_EnableBakedLightmaps: 1
    m_EnableRealtimeLightmaps: 1
  m_LightmapEditorSettings:
    serializedVersion: 9
    m_Resolution: 2
    m_BakeResolution: 40
    m_TextureWidth: 1024
    m_TextureHeight: 1024
    m_AO: 0
    m_AOMaxDistance: 1
    m_CompAOExponent: 1
    m_CompAOExponentDirect: 0
    m_Padding: 2
    m_LightmapParameters: {fileID: 0}
    m_LightmapsBakeMode: 1
    m_TextureCompression: 1
    m_FinalGather: 0
    m_FinalGatherFiltering: 1
    m_FinalGatherRayCount: 256
    m_ReflectionCompression: 2
    m_MixedBakeMode: 2
    m_BakeBackend: 0
    m_PVRSampling: 1
    m_PVRDirectSampleCount: 32
    m_PVRSampleCount: 500
    m_PVRBounces: 2
    m_PVRFiltering: 0
    m_PVRFilteringMode: 1
    m_PVRCulling: 1
    m_PVRFilteringGaussRadiusDirect: 1
    m_PVRFilteringGaussRadiusIndirect: 5
    m_PVRFilteringGaussRadiusAO: 2
    m_PVRFilteringAtrousColorSigma: 1
    m_PVRFilteringAtrousNormalSigma: 1
    m_PVRFilteringAtrousPositionSigma: 1
  m_LightingDataAsset: {fileID: 0}
  m_UseShadowmask: 1
--- !u!196 &4
NavMeshSettings:
  serializedVersion: 2
  m_ObjectHideFlags: 0
  m_BuildSettings:
    serializedVersion: 2
    agentTypeID: 0
    agentRadius: 0.5
    agentHeight: 2
    agentSlope: 45
    agentClimb: 0.4
    ledgeDropHeight: 0
    maxJumpAcrossDistance: 0
    minRegionArea: 2
    manualCellSize: 0
    cellSize: 0.16666667
    manualTileSize: 0
    tileSize: 256
    accuratePlacement: 0
  m_NavMeshData: {fileID: 0}
--- !u!1 &101180847
GameObject:
  m_ObjectHideFlags: 0
  m_PrefabParentObject: {fileID: 0}
  m_PrefabInternal: {fileID: 0}
  serializedVersion: 5
  m_Component:
  - component: {fileID: 101180850}
  - component: {fileID: 101180849}
  - component: {fileID: 101180848}
  - component: {fileID: 101180851}
  m_Layer: 0
  m_Name: Player
  m_TagString: Player
  m_Icon: {fileID: 0}
  m_NavMeshLayer: 0
  m_StaticEditorFlags: 0
  m_IsActive: 1
--- !u!114 &101180848
MonoBehaviour:
  m_ObjectHideFlags: 0
  m_PrefabParentObject: {fileID: 0}
  m_PrefabInternal: {fileID: 0}
  m_GameObject: {fileID: 101180847}
  m_Enabled: 1
  m_EditorHideFlags: 0
  m_Script: {fileID: 11500000, guid: 7d768824373e7d544910df4514cd59cb, type: 3}
  m_Name: 
  m_EditorClassIdentifier: 
  height: 1
  speed: 16
  jumpPower: 15
  layer: 0
  hitBoxSize: {x: 1, y: 1.7}
  deathSound: {fileID: 8300000, guid: 19aa63ab0e3204c478cdc2a17d45b36d, type: 3}
  jumpSound: {fileID: 8300000, guid: 813a14ba438f942e39fe64fb6b715377, type: 3}
  energizeSound: {fileID: 8300000, guid: 25e5ebd2382784feabb960709282cfea, type: 3}
  drainedSound: {fileID: 8300000, guid: 35d36b7389f354e0e9cc2b80296a308d, type: 3}
  thrustSound: {fileID: 8300000, guid: 0daca95ab795f4e96863e303fab0c143, type: 3}
  fireSound: {fileID: 8300000, guid: f6c8d8b538fd74149b2c41157aaca8da, type: 3}
  hurtSound: {fileID: 8300000, guid: 0b5086fd4a02e4b268a41b1c25b28f04, type: 3}
  pressUpLabel: {fileID: 239652702}
  velocity: {x: 0, y: 0}
  horizontal_momentum: 0
--- !u!212 &101180849
SpriteRenderer:
  m_ObjectHideFlags: 0
  m_PrefabParentObject: {fileID: 0}
  m_PrefabInternal: {fileID: 0}
  m_GameObject: {fileID: 101180847}
  m_Enabled: 1
  m_CastShadows: 0
  m_ReceiveShadows: 0
  m_MotionVectors: 1
  m_LightProbeUsage: 1
  m_ReflectionProbeUsage: 1
  m_Materials:
  - {fileID: 2100000, guid: d943e995509b542069112274c7281bb9, type: 2}
  m_StaticBatchInfo:
    firstSubMesh: 0
    subMeshCount: 0
  m_StaticBatchRoot: {fileID: 0}
  m_ProbeAnchor: {fileID: 0}
  m_LightProbeVolumeOverride: {fileID: 0}
  m_ScaleInLightmap: 1
  m_PreserveUVs: 0
  m_IgnoreNormalsForChartDetection: 0
  m_ImportantGI: 0
  m_SelectedEditorRenderState: 0
  m_MinimumChartSize: 4
  m_AutoUVMaxDistance: 0.5
  m_AutoUVMaxAngle: 89
  m_LightmapParameters: {fileID: 0}
  m_SortingLayerID: 0
  m_SortingLayer: 0
  m_SortingOrder: 5
  m_Sprite: {fileID: 21300010, guid: 145d2d07afe9f4d71aecb18d49d2208a, type: 3}
  m_Color: {r: 1, g: 1, b: 1, a: 1}
  m_FlipX: 0
  m_FlipY: 0
  m_DrawMode: 0
  m_Size: {x: 2, y: 2}
  m_AdaptiveModeThreshold: 0.5
  m_SpriteTileMode: 0
  m_WasSpriteAssigned: 1
  m_MaskInteraction: 0
--- !u!4 &101180850
Transform:
  m_ObjectHideFlags: 0
  m_PrefabParentObject: {fileID: 0}
  m_PrefabInternal: {fileID: 0}
  m_GameObject: {fileID: 101180847}
  m_LocalRotation: {x: 0, y: 0, z: 0, w: 1}
  m_LocalPosition: {x: 16, y: 10, z: -0.1}
  m_LocalScale: {x: 1, y: 1, z: 1}
  m_Children: []
  m_Father: {fileID: 0}
  m_RootOrder: 3
  m_LocalEulerAnglesHint: {x: 0, y: 0, z: 0}
--- !u!114 &101180851
MonoBehaviour:
  m_ObjectHideFlags: 0
  m_PrefabParentObject: {fileID: 0}
  m_PrefabInternal: {fileID: 0}
  m_GameObject: {fileID: 101180847}
  m_Enabled: 1
  m_EditorHideFlags: 0
  m_Script: {fileID: 11500000, guid: 3f17984264541c74890e033712b81ade, type: 3}
  m_Name: 
  m_EditorClassIdentifier: 
  animations:
  - name: Idle
    frameMS: 1
    sprites:
    - {fileID: 21300010, guid: 145d2d07afe9f4d71aecb18d49d2208a, type: 3}
  - name: Walking
    frameMS: 100
    sprites:
    - {fileID: 21300008, guid: 145d2d07afe9f4d71aecb18d49d2208a, type: 3}
    - {fileID: 21300010, guid: 145d2d07afe9f4d71aecb18d49d2208a, type: 3}
    - {fileID: 21300012, guid: 145d2d07afe9f4d71aecb18d49d2208a, type: 3}
    - {fileID: 21300014, guid: 145d2d07afe9f4d71aecb18d49d2208a, type: 3}
  - name: JumpStart
    frameMS: 50
    sprites:
    - {fileID: 21300040, guid: 145d2d07afe9f4d71aecb18d49d2208a, type: 3}
    - {fileID: 21300056, guid: 145d2d07afe9f4d71aecb18d49d2208a, type: 3}
    - {fileID: 21300058, guid: 145d2d07afe9f4d71aecb18d49d2208a, type: 3}
    - {fileID: 21300060, guid: 145d2d07afe9f4d71aecb18d49d2208a, type: 3}
    - {fileID: 21300062, guid: 145d2d07afe9f4d71aecb18d49d2208a, type: 3}
  - name: JumpIdle
    frameMS: 50
    sprites:
    - {fileID: 21300060, guid: 145d2d07afe9f4d71aecb18d49d2208a, type: 3}
  - name: JumpUp
    frameMS: 50
    sprites:
    - {fileID: 21300062, guid: 145d2d07afe9f4d71aecb18d49d2208a, type: 3}
  - name: JumpDown
    frameMS: 50
    sprites:
    - {fileID: 21300058, guid: 145d2d07afe9f4d71aecb18d49d2208a, type: 3}
  - name: Fail
    frameMS: 100
    sprites:
    - {fileID: 21300056, guid: 145d2d07afe9f4d71aecb18d49d2208a, type: 3}
    - {fileID: 21300058, guid: 145d2d07afe9f4d71aecb18d49d2208a, type: 3}
    - {fileID: 21300060, guid: 145d2d07afe9f4d71aecb18d49d2208a, type: 3}
    - {fileID: 21300062, guid: 145d2d07afe9f4d71aecb18d49d2208a, type: 3}
  - name: Landing
    frameMS: 100
    sprites:
    - {fileID: 21300060, guid: 145d2d07afe9f4d71aecb18d49d2208a, type: 3}
    - {fileID: 21300058, guid: 145d2d07afe9f4d71aecb18d49d2208a, type: 3}
    - {fileID: 21300056, guid: 145d2d07afe9f4d71aecb18d49d2208a, type: 3}
  - name: Dead
    frameMS: 100
    sprites:
    - {fileID: 21300062, guid: 145d2d07afe9f4d71aecb18d49d2208a, type: 3}
  - name: Boost
    frameMS: 33
    sprites:
    - {fileID: 21300040, guid: 145d2d07afe9f4d71aecb18d49d2208a, type: 3}
    - {fileID: 21300042, guid: 145d2d07afe9f4d71aecb18d49d2208a, type: 3}
    - {fileID: 21300044, guid: 145d2d07afe9f4d71aecb18d49d2208a, type: 3}
    - {fileID: 21300046, guid: 145d2d07afe9f4d71aecb18d49d2208a, type: 3}
--- !u!1 &239652701
GameObject:
  m_ObjectHideFlags: 0
  m_PrefabParentObject: {fileID: 0}
  m_PrefabInternal: {fileID: 0}
  serializedVersion: 5
  m_Component:
  - component: {fileID: 239652703}
  - component: {fileID: 239652702}
  m_Layer: 0
  m_Name: Press Up Label
  m_TagString: Untagged
  m_Icon: {fileID: 0}
  m_NavMeshLayer: 0
  m_StaticEditorFlags: 0
  m_IsActive: 1
--- !u!212 &239652702
SpriteRenderer:
  m_ObjectHideFlags: 0
  m_PrefabParentObject: {fileID: 0}
  m_PrefabInternal: {fileID: 0}
  m_GameObject: {fileID: 239652701}
  m_Enabled: 1
  m_CastShadows: 0
  m_ReceiveShadows: 0
  m_MotionVectors: 1
  m_LightProbeUsage: 1
  m_ReflectionProbeUsage: 1
  m_Materials:
  - {fileID: 10754, guid: 0000000000000000f000000000000000, type: 0}
  m_StaticBatchInfo:
    firstSubMesh: 0
    subMeshCount: 0
  m_StaticBatchRoot: {fileID: 0}
  m_ProbeAnchor: {fileID: 0}
  m_LightProbeVolumeOverride: {fileID: 0}
  m_ScaleInLightmap: 1
  m_PreserveUVs: 0
  m_IgnoreNormalsForChartDetection: 0
  m_ImportantGI: 0
  m_SelectedEditorRenderState: 0
  m_MinimumChartSize: 4
  m_AutoUVMaxDistance: 0.5
  m_AutoUVMaxAngle: 89
  m_LightmapParameters: {fileID: 0}
  m_SortingLayerID: 0
  m_SortingLayer: 0
  m_SortingOrder: 6
  m_Sprite: {fileID: 21300000, guid: cfe672c716ea94d7a874be4c8bdb5f1a, type: 3}
  m_Color: {r: 1, g: 1, b: 1, a: 1}
  m_FlipX: 0
  m_FlipY: 0
  m_DrawMode: 0
  m_Size: {x: 3, y: 1}
  m_AdaptiveModeThreshold: 0.5
  m_SpriteTileMode: 0
  m_WasSpriteAssigned: 1
  m_MaskInteraction: 0
--- !u!4 &239652703
Transform:
  m_ObjectHideFlags: 0
  m_PrefabParentObject: {fileID: 0}
  m_PrefabInternal: {fileID: 0}
  m_GameObject: {fileID: 239652701}
  m_LocalRotation: {x: 0, y: 0, z: 0, w: 1}
  m_LocalPosition: {x: 49.82846, y: 9.99194, z: 0}
  m_LocalScale: {x: 1, y: 1, z: 1}
  m_Children: []
  m_Father: {fileID: 0}
  m_RootOrder: 4
  m_LocalEulerAnglesHint: {x: 0, y: 0, z: 0}
--- !u!1 &1296954938
GameObject:
  m_ObjectHideFlags: 0
  m_PrefabParentObject: {fileID: 0}
  m_PrefabInternal: {fileID: 0}
  serializedVersion: 5
  m_Component:
  - component: {fileID: 1296954940}
  - component: {fileID: 1296954939}
  m_Layer: 0
  m_Name: Map
  m_TagString: Untagged
  m_Icon: {fileID: 0}
  m_NavMeshLayer: 0
  m_StaticEditorFlags: 0
  m_IsActive: 1
--- !u!114 &1296954939
MonoBehaviour:
  m_ObjectHideFlags: 0
  m_PrefabParentObject: {fileID: 0}
  m_PrefabInternal: {fileID: 0}
  m_GameObject: {fileID: 1296954938}
  m_Enabled: 1
  m_EditorHideFlags: 0
  m_Script: {fileID: 11500000, guid: 559af49172706a643a12e938ddca8878, type: 3}
  m_Name: 
  m_EditorClassIdentifier: 
  enemyPrefabs:
  - {fileID: 114771306412218232, guid: 405e705bab32049b69e8bed5966acc18, type: 2}
  collectPrefabs:
  - {fileID: 114256294430058888, guid: d9fa6fc6f99102e4b85a539517dab76e, type: 2}
  - {fileID: 114154953509427634, guid: e4812d8ca861849f6b2ca089245c2d70, type: 2}
  - {fileID: 114161128542619284, guid: 5c9c6192cfd4c5341bec20b3d033ef1e, type: 2}
  - {fileID: 114784339332050050, guid: f4ec7a042619ed447b9da4d6361ad4fb, type: 2}
  - {fileID: 114772231555727718, guid: 395381d73c661d847923dd942a6d3cf6, type: 2}
  - {fileID: 114453787733596614, guid: 82d24ec2684136a409d7059daa4f51ed, type: 2}
  enemies: []
  material: {fileID: 2100000, guid: d387640c66f4341359def2c4f2201648, type: 2}
  backgroundTexture: {fileID: 2800000, guid: 8d2c1846f3bee4b1b85883bb0437e70d, type: 3}
  checkpointShader: {fileID: 4800000, guid: 5f34d6e275c344bc8af880470d4aa374, type: 3}
--- !u!4 &1296954940
Transform:
  m_ObjectHideFlags: 0
  m_PrefabParentObject: {fileID: 0}
  m_PrefabInternal: {fileID: 0}
  m_GameObject: {fileID: 1296954938}
  m_LocalRotation: {x: 0, y: 0, z: 0, w: 1}
  m_LocalPosition: {x: 0, y: 0, z: 0}
  m_LocalScale: {x: 1, y: 1, z: 1}
  m_Children: []
  m_Father: {fileID: 0}
  m_RootOrder: 2
  m_LocalEulerAnglesHint: {x: 0, y: 0, z: 0}
--- !u!1 &1358297562
GameObject:
  m_ObjectHideFlags: 0
  m_PrefabParentObject: {fileID: 0}
  m_PrefabInternal: {fileID: 0}
  serializedVersion: 5
  m_Component:
  - component: {fileID: 1358297564}
  - component: {fileID: 1358297563}
  - component: {fileID: 1358297565}
  - component: {fileID: 1358297566}
  m_Layer: 0
  m_Name: Game State
  m_TagString: Untagged
  m_Icon: {fileID: 0}
  m_NavMeshLayer: 0
  m_StaticEditorFlags: 0
  m_IsActive: 1
--- !u!114 &1358297563
MonoBehaviour:
  m_ObjectHideFlags: 0
  m_PrefabParentObject: {fileID: 0}
  m_PrefabInternal: {fileID: 0}
  m_GameObject: {fileID: 1358297562}
  m_Enabled: 1
  m_EditorHideFlags: 0
  m_Script: {fileID: 11500000, guid: fff319dd8897d4a0eb8a3649e02255ca, type: 3}
  m_Name: 
  m_EditorClassIdentifier: 
  titleImage: {fileID: 2800000, guid: 3ac2e289434dd49b98608520c42c3af4, type: 3}
--- !u!4 &1358297564
Transform:
  m_ObjectHideFlags: 0
  m_PrefabParentObject: {fileID: 0}
  m_PrefabInternal: {fileID: 0}
  m_GameObject: {fileID: 1358297562}
  m_LocalRotation: {x: 0, y: 0, z: 0, w: 1}
  m_LocalPosition: {x: 0, y: 0, z: 0}
  m_LocalScale: {x: 1, y: 1, z: 1}
  m_Children: []
  m_Father: {fileID: 0}
  m_RootOrder: 1
  m_LocalEulerAnglesHint: {x: 0, y: 0, z: 0}
--- !u!114 &1358297565
MonoBehaviour:
  m_ObjectHideFlags: 0
  m_PrefabParentObject: {fileID: 0}
  m_PrefabInternal: {fileID: 0}
  m_GameObject: {fileID: 1358297562}
  m_Enabled: 1
  m_EditorHideFlags: 0
  m_Script: {fileID: 11500000, guid: 94b5b1c84246040b39e2f9aa3f5c4efb, type: 3}
  m_Name: 
  m_EditorClassIdentifier: 
  unpoweredRoom: {fileID: 8300000, guid: f3dd674aa32974a8d9ac92104516dcac, type: 3}
  poweredRoom: {fileID: 8300000, guid: d14d81ddbd70746e0be5f1204cceab8f, type: 3}
  checkpoint: {fileID: 8300000, guid: 206abd3f627a14fc484f9d423672d9a5, type: 3}
  combat: {fileID: 8300000, guid: f488c595dd8de41a884390698f148200, type: 3}
  volumeLevel: 0.7
--- !u!114 &1358297566
MonoBehaviour:
  m_ObjectHideFlags: 0
  m_PrefabParentObject: {fileID: 0}
  m_PrefabInternal: {fileID: 0}
  m_GameObject: {fileID: 1358297562}
  m_Enabled: 1
  m_EditorHideFlags: 0
  m_Script: {fileID: 11500000, guid: 0c5c679870107294ab1ec86f31ddfd92, type: 3}
  m_Name: 
  m_EditorClassIdentifier: 
--- !u!1 &1910407080
GameObject:
  m_ObjectHideFlags: 0
  m_PrefabParentObject: {fileID: 0}
  m_PrefabInternal: {fileID: 0}
  serializedVersion: 5
  m_Component:
  - component: {fileID: 1910407085}
  - component: {fileID: 1910407084}
  - component: {fileID: 1910407083}
  - component: {fileID: 1910407082}
  - component: {fileID: 1910407081}
  m_Layer: 0
  m_Name: Main Camera
  m_TagString: MainCamera
  m_Icon: {fileID: 0}
  m_NavMeshLayer: 0
  m_StaticEditorFlags: 0
  m_IsActive: 1
--- !u!81 &1910407081
AudioListener:
  m_ObjectHideFlags: 0
  m_PrefabParentObject: {fileID: 0}
  m_PrefabInternal: {fileID: 0}
  m_GameObject: {fileID: 1910407080}
  m_Enabled: 1
--- !u!124 &1910407082
Behaviour:
  m_ObjectHideFlags: 0
  m_PrefabParentObject: {fileID: 0}
  m_PrefabInternal: {fileID: 0}
  m_GameObject: {fileID: 1910407080}
  m_Enabled: 1
--- !u!92 &1910407083
Behaviour:
  m_ObjectHideFlags: 0
  m_PrefabParentObject: {fileID: 0}
  m_PrefabInternal: {fileID: 0}
  m_GameObject: {fileID: 1910407080}
  m_Enabled: 1
--- !u!20 &1910407084
Camera:
  m_ObjectHideFlags: 0
  m_PrefabParentObject: {fileID: 0}
  m_PrefabInternal: {fileID: 0}
  m_GameObject: {fileID: 1910407080}
  m_Enabled: 1
  serializedVersion: 2
  m_ClearFlags: 2
  m_BackGroundColor: {r: 0.19215685, g: 0.30196083, b: 0.4745098, a: 0}
  m_NormalizedViewPortRect:
    serializedVersion: 2
    x: 0
    y: 0
    width: 1
    height: 1
  near clip plane: 0.3
  far clip plane: 1000
  field of view: 60
  orthographic: 1
  orthographic size: 5
  m_Depth: -1
  m_CullingMask:
    serializedVersion: 2
    m_Bits: 4294967295
  m_RenderingPath: -1
  m_TargetTexture: {fileID: 0}
  m_TargetDisplay: 0
  m_TargetEye: 3
  m_HDR: 1
  m_AllowMSAA: 1
  m_ForceIntoRT: 0
  m_OcclusionCulling: 1
  m_StereoConvergence: 10
  m_StereoSeparation: 0.022
  m_StereoMirrorMode: 0
--- !u!4 &1910407085
Transform:
  m_ObjectHideFlags: 0
  m_PrefabParentObject: {fileID: 0}
  m_PrefabInternal: {fileID: 0}
  m_GameObject: {fileID: 1910407080}
  m_LocalRotation: {x: 0, y: 0, z: 0, w: 1}
  m_LocalPosition: {x: 16, y: 5, z: -10}
  m_LocalScale: {x: 1, y: 1, z: 1}
  m_Children: []
  m_Father: {fileID: 0}
  m_RootOrder: 0
  m_LocalEulerAnglesHint: {x: 0, y: 0, z: 0}
